# TECHNICAL DOCUMENTATION

# technicaldocs.bib
# Technical documents, such as API-documentation and similarly information-intense source material.

@misc{technicaldocs:khronos:2014,
        author = "{Khronos}",
        year = {2014},
        month = {January},
        title = {Conformant Products},
        howpublished = {Available: \url{http://bit.ly/1lCLiMK}},
        note = {Accessed: 06-02-2014}
}

@misc{technicaldocs:google:2014,
        author = "{Google}",
        year = {2014},
        month = {apr},
        title = {Android Hardware OpenGLES emulation design overview},
        howpublished = {Available: \url{http://bit.ly/1fkKZUc}},
        note = {Accessed: 27-04-2014}
}

@misc{technicaldocs:intel:2013:x86,
        author = "{Intel}",
        year = {2013},
        title = {Android* 4.4 (KitKat) x86 Emulator System Image},
        howpublished = {Available: \url{http://intel.ly/1iI77TJ}},
        note = {Accessed: 13-05-2014}
}

@misc{technicaldocs:intel:2013:haxm,
        author = "{Intel}",
        year = {2013},
        month = {nov},
        title = {Intel® Hardware Accelerated Execution Manager},
        howpublished = {Available: \url{http://intel.ly/1jnoj0C}},
        note = {Accessed: 13-05-2014}
}

@misc{technicaldocs:vmware:2014,
        author = "{VMware}",
        year = {2014},
        month = {may},
        title = {Experimental Support for Direct3D},
        howpublished = {Available: \url{http://bit.ly/S3nyo4}},
        note = {Accessed: 17-05-2014}
}

@misc{technicaldocs:netbsd:2014,
        author = "{The NetBSD Foundation}",
        year = {2014},
        month = {apr},
        title = {About NetBSD/amd64},
        howpublished = {Available: \url{http://bit.ly/1lM0HHK}},
        note = {Accessed: 17-05-2014}
}

@misc{technicaldocs:qemudevel:2014,
        author = {Dave Airlie},
        year = {2013},
        month = {jul},
        title = {Introducing Virgil - 3D virtual GPU for qemu},
        howpublished = {Available: \url{http://bit.ly/1oACNCd}},
        note = {Accessed: 17-05-2014}
}

@misc{technicaldocs:silicongraphics:2014,
        author = "{Silicon Graphics}",
        year = {2006},
        month = {},
        title = {OpenGL ES 2.0 Reference Pages},
        howpublished = {Available: \url{http://bit.ly/1vskz87}},
        note = {Accessed: 19-05-2014}
}

@misc{technicaldocs:valve:2014,
        author = "{Valve}",
        year = {2014},
        month = {},
        title = {Direct3D to OpenGL abstraction layer},
        howpublished = {Available: \url{http://bit.ly/1gHfq82}},
        note = {Accessed: 19-05-2014}
}

@misc{technicaldocs:google:2014:androidtimers,
        author = "{Google}",
        year = {2014},
        month = {},
        title = {qemu-timer.h},
        howpublished = {Available: \url{http://bit.ly/1icXSfc}},
        note = {Accessed: 08-06-2014}
}

# WEB

# web.bib
# References on the web.

@misc{web:windriver:2014,
        author                  = "{Wind River Systems}",
        year                    = {2014},
        title                   = {NASA MEETS SATELLITE PROJECT TESTING AND VERIFICATION GOALS WITH WIND RIVER SIMICS},
        howpublished    = {Available: \url{http://bit.ly/1eltFqU}},
        note                    = {Accessed: 10-02-2014}
}

@misc{web:nasa:2014,
        author                  = "{NASA}",
        year                    = {2014},
        month                   = {January},
        title                   = {Independent Test Capability (ITC)},
        howpublished    = {Available: \url{http://1.usa.gov/1bHVIAQ}},
        note                    = {Accessed: 10-02-2014}
}

@misc{web:engblom:2013:collaboratingusingsimics,
        author                  = {Jakob Engblom},
        year                    = {2013},
        month                   = {May},
        title                   = {Collaborating using Simics Recording Checkpoints},
        howpublished    = {Available: \url{http://bit.ly/1nN23Dn}},
        note                    = {Accessed: 04-02-2014}
}

@misc{web:engblom:2013:backtorevexe,
        author                  = {Jakob Engblom},
        year                    = {2013},
        month                   = {June},
        title                   = {Back to Reverse Execution},
        howpublished    = {Available: \url{http://bit.ly/1nN9pH5}},
        note                    = {Accessed: 04-02-2014}
}

@misc{web:engblom:2012:determinism,
        author                  = {Jakob Engblom},
        year                    = {2012},
        month                   = {November},
        title                   = {Determinism, Simics, and Flying Piggies},
        howpublished    = {Available: \url{http://bit.ly/1bmWkMb}},
        note                    = {Accessed: 04-02-2014}
}

@misc{web:microsoft:2013:warp,
        author                  = "{Microsoft}",
        year                    = {2013},
        title                   = {Windows Advanced Rasterization Platform (WARP) Guide},
        howpublished    = {Available: \url{http://bit.ly/19hiwrZ}},
        note                    = {Accessed: 04-02-2014}
}

@misc{web:ducrohet:2012:afasteremulator,
        author                  = {Ducrohet, Xavier and Meier, Reto},
        year                    = {2012},
        month                   = {April},
        title                   = {A Faster Emulator with Better Hardware Support},
        howpublished    = {Available: \url{http://bit.ly/Lv2tPA}},
        note                    = {Accessed: 04-02-2014}
}

@misc{web:google:2013:usingtheemulator,
        author                  = "{Google}",
        year                    = {2013},
        title                   = {Using the Emulator},
        howpublished    = {Available: \url{http://bit.ly/1bqCh2G}},
        note                    = {Accessed: 04-02-2014}
}

@misc{web:jones:2009,
        author                  = {Jones, Tim M.},
        year                    = {2009},
        month                   = {October},
        title                   = {Linux virtualization and PCI passthrough},
        howpublished    = {Available: \url{http://ibm.co/1eTEnpm}},
        note                    = {Accessed: 05-02-2014}
}

@misc{web:miller:2010,
        author                  = {Miller, Jessica},
        year                    = {2010},
        month                   = {February},
        title                   = {Wind River to Add Virtutech Simics Products to Comprehensive Embedded Software Portfolio},
        howpublished    = {Available: \url{http://bit.ly/1g0jbj2}},
        note                    = {Accessed: 04-05-2014}
}

@misc{web:hofemeier:2010,
        author                  = {Hofemeier, Gael},
        year                    = {2013},
        month                   = {December},
        title                   = {Android* - Performance Results for Android Emulators - with and without Intel HAXM},
        howpublished    = {Available: \url{http://intel.ly/1giSbRu}},
        note                    = {Accessed: 13-05-2014}
}

@misc{web:stylianou:2010,
        author                  = {Stylianou, Costas},
        year                    = {2013},
        month                   = {November},
        title                   = {Speeding Up the Android* Emulator on Intel® Architecture},
        howpublished    = {Available: \url{http://intel.ly/1jntJJ7}},
        note                    = {Accessed: 13-05-2014}
}

@misc{web:diebin:2010,
        author                  = {},
        year                    = {},
        month                   = {},
        title                   = {Under the hood of the android emulator},
        howpublished    = {Available: \url{http://bit.ly/UmaWtA}},
        note                    = {Accessed: 08-06-2014}
}

@misc{web:stackoverflow:2011,
        author                  = {Stack Overflow},
        year                    = {2011},
        month                   = {April},
        title                   = {Is the emulator clock synced to the real system clock?},
        howpublished    = {Available: \url{http://bit.ly/1kWhTqa}},
        note                    = {Accessed: 08-06-2014}
}

@misc{web:intel:2014,
        author = "{Intel}",
        year = {2014},
        month = {September},
        title = {OpenGL ES 2.0 benchmarks for X11 Linux and Android platforms},
        howpublished = {Available: \url{http://bit.ly/IntelOpenGLES}},
        note = {Accessed: 14-04-2015}
}
